@inproceedings{b1,
  author = {Bylina, B. and Bylina, J. and Piekarz, M.},
  title = {Impact of processor frequency scaling on performance and energy consumption for WZ factorization on multicore architecture},
  booktitle = {Proceedings of the FEDCSIS},
  year = {2023},
  pages = {377--383},
  doi = {10.15439/2023F6213}
}

@article{b2,
  author = {Zhou, L. and Lv, Q. and Guo, S.},
  title = {A Generic Linux CPUFreq Driver for ARM SoCs},
  journal = {International Journal of Online Engineering},
  volume = {9},
  number = {6},
  pages = {29--33},
  year = {2013},
  doi = {10.3991/ijoe.v9iS6.2797}
}

@inproceedings{b3,
  author = {Islam, F. M. M. and Lin, M.},
  title = {A Framework for Learning-Based DVFS Technique Selection and Frequency Scaling for Multi-core Real-Time Systems},
  booktitle = {Proc. IEEE Int. Conf. High Performance Computing and Communications},
  year = {2015},
  pages = {721--726},
  doi = {10.1109/HPCC-CSS-ICESS.2015.313}
}

@incollection{b4,
  author = {Hsu, C.-H. and Kremer, U.},
  title = {Dynamic voltage and frequency scaling for scientific applications},
  booktitle = {Lecture Notes in Computer Science},
  volume = {2624},
  pages = {86--99},
  year = {2003},
  doi = {10.1007/3-540-36574-5-7}
}

@article{b5,
  author = {Spiliopoulos, V. and Kaxiras, S. and Keramidas, G.},
  title = {Green governors: A framework for continuously adaptive DVFS},
  journal = {IEEE Transactions on Computers},
  volume = {61},
  number = {10},
  pages = {1484--1498},
  year = {2011},
  doi = {10.1109/TC.2011.143}
}

@article{b6,
  author = {Karpowicz, M. P. and Arabas, P. and Niewiadomska-Szynkiewicz, E.},
  title = {Design and implementation of energy-aware application-specific CPU frequency governors for heterogeneous distributed computing systems},
  journal = {Future Generation Computer Systems},
  volume = {56},
  pages = {152--165},
  year = {2016},
  doi = {10.1016/j.future.2016.05.011}
}

@article{b7,
  author = {Chen, Y.-L. and Chang, M.-F. and Yu, C.-W. and Chen, X.-Z. and Liang, W.-Y.},
  title = {Learning-directed dynamic voltage and frequency scaling scheme with adjustable performance for single-core and multi-core embedded and mobile systems},
  journal = {Sensors},
  volume = {18},
  number = {9},
  pages = {3068},
  year = {2018},
  doi = {10.3390/s18093068}
}

@article{b8,
  author = {Keerthi, R.},
  title = {Frequency scaling of CPU by utilization},
  journal = {International Journal of Scientific and Engineering Research},
  volume = {5},
  number = {8},
  pages = {641--645},
  year = {2014}
}

@article{b9,
  author = {Fortino, G. and Savaglio, C. and Spezzano, G. and Zhou, M.},
  title = {Internet of Things as System of Systems: A Review of Methodologies, Frameworks, Platforms, and Tools},
  journal = {IEEE Transactions on Systems, Man, and Cybernetics: Systems},
  volume = {51},
  number = {1},
  pages = {223--236},
  year = {2021},
  month = {Jan.},
  doi = {10.1109/TSMC.2020.3042898}
}

@article{b10,
  author = {Luo, Y. and Pu, L. and Liu, C.-H.},
  title = {CPU Frequency Scaling Optimization in Sustainable Edge Computing},
  journal = {IEEE Transactions on Sustainable Computing},
  volume = {8},
  number = {2},
  pages = {194--207},
  year = {2023},
  month = {Apr.--Jun.},
  doi = {10.1109/TSUSC.2022.3217970}
}

@article{b11,
  author = {Paniagua, C. and Delsing, J.},
  title = {Industrial Frameworks for Internet of Things: A Survey},
  journal = {IEEE Systems Journal},
  volume = {15},
  number = {1},
  pages = {1149--1159},
  year = {2021},
  month = {Mar.},
  doi = {10.1109/JSYST.2020.2993323}
}

@article{b12,
  author = {Chen, Y. and Zhang, N. and Zhang, Y. and Chen, X. and Wu, W. and Shen, X. S.},
  title = {TOFFEE: Task Offloading and Frequency Scaling for Energy Efficiency of Mobile Devices in Mobile Edge Computing},
  journal = {IEEE Transactions on Cloud Computing},
  volume = {9},
  number = {4},
  pages = {1634--1644},
  year = {2021},
  month = {Oct.--Dec.},
  doi = {10.1109/TCC.2019.2923692}
}

@article{b13,
  author = {Hajiamini, S. and Shirazi, B. and Crandall, A. and Ghasemzadeh, H.},
  title = {A Dynamic Programming Framework for DVFS-Based Energy-Efficiency in Multicore Systems},
  journal = {IEEE Transactions on Sustainable Computing},
  volume = {5},
  number = {1},
  pages = {1--12},
  year = {2020},
  month = {Jan.--Mar.},
  doi = {10.1109/TSUSC.2019.2911471}
}

@inproceedings{b14,
  author = {Huang, D. and Costero, L. and Atienza, D.},
  title = {Is the powersave governor really saving power?},
  booktitle = {Proc. IEEE 24th Int. Symp. on Cluster, Cloud and Internet Computing (CCGrid)},
  year = {2024},
  pages = {273--283},
  doi = {10.1109/CCGrid59990.2024.00039}
}

@article{b15,
  author = {Kumar, M. and Sran, S. and Kaur, L. and Singh, J.},
  title = {Thermal aware learning based CPU governor},
  journal = {Concurrency and Computation: Practice and Experience},
  volume = {34},
  number = {2},
  year = {2022},
  doi = {10.1002/cpe.6862}
}


@comment{jabref-meta: selector_author:}

@comment{jabref-meta: selector_journal:}

@comment{jabref-meta: selector_keywords:}

@comment{jabref-meta: selector_publisher:}

@comment{jabref-meta: selector_review:}
